[gd_scene load_steps=8 format=2]

[ext_resource path="res://scripts/AboutMenu.gd" type="Script" id=1]
[ext_resource path="res://fonts/big_dynamicfont.tres" type="DynamicFont" id=2]
[ext_resource path="res://fonts/Small_dynamicfont.tres" type="DynamicFont" id=3]
[ext_resource path="res://imports/two.png" type="Texture" id=4]
[ext_resource path="res://imports/three.png" type="Texture" id=5]
[ext_resource path="res://imports/four.png" type="Texture" id=6]
[ext_resource path="res://imports/one_computer.png" type="Texture" id=7]

[node name="PlayerSelection" type="Control"]
anchor_right = 1.0
anchor_bottom = 1.0
script = ExtResource( 1 )
__meta__ = {
"_edit_use_anchors_": false
}

[node name="PlayerSelectBackground" type="ColorRect" parent="."]
margin_top = 2.93628
margin_right = 1920.0
margin_bottom = 1082.94
color = Color( 0, 0, 0, 1 )
__meta__ = {
"_edit_use_anchors_": false
}

[node name="GameLabel" type="Label" parent="."]
margin_right = 1920.0
margin_bottom = 100.0
custom_fonts/font = ExtResource( 2 )
text = "Ship, Captain, and Crew"
align = 1
valign = 1

[node name="HowManyLabel" type="Label" parent="."]
margin_top = 100.0
margin_right = 1920.0
margin_bottom = 200.0
custom_fonts/font = ExtResource( 3 )
text = "How many players?"
align = 1
valign = 1
__meta__ = {
"_edit_use_anchors_": false
}

[node name="aboutMenuButton" type="Button" parent="."]
margin_left = 836.623
margin_top = 967.858
margin_right = 1093.62
margin_bottom = 1028.86
custom_fonts/font = ExtResource( 2 )
custom_colors/font_color = Color( 1, 1, 1, 1 )
custom_colors/font_color_hover = Color( 0.87451, 1, 0, 1 )
custom_colors/font_color_pressed = Color( 1, 0, 0, 1 )
text = "Main Menu"
flat = true
__meta__ = {
"_edit_use_anchors_": false
}

[node name="TwoPlayerButton" type="Button" parent="."]
margin_left = 700.0
margin_top = 400.0
margin_right = 900.0
margin_bottom = 600.0
custom_fonts/font = ExtResource( 2 )
custom_colors/font_color = Color( 1, 1, 1, 1 )
custom_colors/font_color_hover = Color( 1, 0.960784, 0, 1 )
custom_colors/font_color_pressed = Color( 1, 0, 0, 1 )
text = "2"
flat = true
__meta__ = {
"_edit_use_anchors_": false
}

[node name="two" type="Sprite" parent="TwoPlayerButton"]
position = Vector2( 107.057, 106.12 )
scale = Vector2( 0.25, 0.25 )
texture = ExtResource( 4 )

[node name="ThreePlayerButton" type="Button" parent="."]
margin_left = 1000.0
margin_top = 400.0
margin_right = 1200.0
margin_bottom = 600.0
custom_fonts/font = ExtResource( 2 )
custom_colors/font_color = Color( 1, 1, 1, 1 )
custom_colors/font_color_hover = Color( 1, 0.984314, 0, 1 )
custom_colors/font_color_pressed = Color( 1, 0, 0, 1 )
text = "3"
flat = true

[node name="three" type="Sprite" parent="ThreePlayerButton"]
position = Vector2( 106.562, 100.247 )
scale = Vector2( 0.25, 0.25 )
texture = ExtResource( 5 )

[node name="FourPlayerButton" type="Button" parent="."]
margin_left = 1300.0
margin_top = 400.0
margin_right = 1500.0
margin_bottom = 600.0
custom_fonts/font = ExtResource( 2 )
custom_colors/font_color = Color( 1, 1, 1, 1 )
custom_colors/font_color_hover = Color( 0.992157, 1, 0, 1 )
custom_colors/font_color_pressed = Color( 1, 0, 0, 1 )
text = "4"
flat = true

[node name="four" type="Sprite" parent="FourPlayerButton"]
position = Vector2( 106.067, 106.12 )
scale = Vector2( 0.25, 0.25 )
texture = ExtResource( 6 )

[node name="ComputerButton" type="Button" parent="."]
margin_left = 400.0
margin_top = 400.0
margin_right = 600.0
margin_bottom = 600.0
custom_fonts/font = ExtResource( 2 )
custom_colors/font_color = Color( 1, 1, 1, 1 )
custom_colors/font_color_hover = Color( 1, 0.960784, 0, 1 )
custom_colors/font_color_pressed = Color( 1, 0, 0, 1 )
text = "Comp"
flat = true
__meta__ = {
"_edit_use_anchors_": false
}

[node name="one_computer" type="Sprite" parent="ComputerButton"]
position = Vector2( 102.68, 106.036 )
scale = Vector2( 0.25, 0.25 )
texture = ExtResource( 7 )
[connection signal="pressed" from="aboutMenuButton" to="." method="_on_aboutMenuButton_pressed"]
[connection signal="pressed" from="TwoPlayerButton" to="." method="_on_TwoPlayerButton_pressed"]
[connection signal="pressed" from="ThreePlayerButton" to="." method="_on_ThreePlayerButton_pressed"]
[connection signal="pressed" from="FourPlayerButton" to="." method="_on_FourPlayerButton_pressed"]
[connection signal="pressed" from="ComputerButton" to="." method="_on_ComputerButton_pressed"]
